<collection xmlns="http://www.loc.gov/MARC21/slim">
<record>
  <leader>01577nam0a2200337 i 450 </leader>
  <controlfield tag="001">IT\ICCU\CNCE\008329</controlfield>
  <controlfield tag="005">20150930000000.0</controlfield>
  <datafield tag="012" ind1=" " ind2=" ">
    <subfield code="a">Namu I.us I.r- m:ut (C) 1507 (R)</subfield>
    <subfield code="2">fei</subfield>
  </datafield>
  <datafield tag="100" ind1=" " ind2=" ">
    <subfield code="a">19970101d1507        0itac0103    ba</subfield>
  </datafield>
  <datafield tag="101" ind1=" " ind2=" ">
    <subfield code="a">LAT</subfield>
  </datafield>
  <datafield tag="102" ind1=" " ind2=" ">
    <subfield code="a">IT</subfield>
  </datafield>
  <datafield tag="200" ind1="1" ind2=" ">
    <subfield code="a">℗Hermici ℗Oratio cum epistola ad Lodouicum Leonem</subfield>
  </datafield>
  <datafield tag="210" ind1=" " ind2=" ">
    <subfield code="e">Venetiis</subfield>
    <subfield code="g">impressit Bernardinus Vitalis Venetus</subfield>
    <subfield code="h">1507 IIII Non. Martii</subfield>
  </datafield>
  <datafield tag="215" ind1=" " ind2=" ">
    <subfield code="a">\6! c.</subfield>
    <subfield code="d">4ʻ</subfield>
  </datafield>
  <datafield tag="620" ind1=" " ind2=" ">
    <subfield code="a">IT</subfield>
    <subfield code="d">Venezia</subfield>
  </datafield>
  <datafield tag="700" ind1=" " ind2="1">
    <subfield code="a">Caiado,</subfield>
    <subfield code="b">Henrique</subfield>
    <subfield code="3">IT\ICCU\CNCA\002352</subfield>
  </datafield>
  <datafield tag="712" ind1="0" ind2="0">
    <subfield code="a">Vitali, Bernardino</subfield>
    <subfield code="3">IT\ICCU\CNCT\000068</subfield>
    <subfield code="4">650</subfield>
  </datafield>
  <datafield tag="790" ind1=" " ind2="1">
    <subfield code="a">Hermicus Cayado,</subfield>
    <subfield code="b">Henrique</subfield>
    <subfield code="3">IT\ICCU\CNCA\002353</subfield>
    <subfield code="z">Caiado, Henrique</subfield>
  </datafield>
  <datafield tag="790" ind1=" " ind2="1">
    <subfield code="a">Cayado,</subfield>
    <subfield code="b">Henrique</subfield>
    <subfield code="3">IT\ICCU\CNCA\007940</subfield>
    <subfield code="z">Caiado, Henrique</subfield>
  </datafield>
  <datafield tag="790" ind1=" " ind2="0">
    <subfield code="a">Hermicus</subfield>
    <subfield code="3">IT\ICCU\CNCA\014359</subfield>
    <subfield code="z">Caiado, Henrique</subfield>
  </datafield>
  <datafield tag="791" ind1="0" ind2="2">
    <subfield code="a">B. V.</subfield>
    <subfield code="3">IT\ICCU\CNCT\002949</subfield>
    <subfield code="z">Vitali, Bernardino</subfield>
  </datafield>
  <datafield tag="791" ind1="0" ind2="2">
    <subfield code="a">Bernardinus Venetus</subfield>
    <subfield code="3">IT\ICCU\CNCT\003178</subfield>
    <subfield code="z">Vitali, Bernardino</subfield>
  </datafield>
  <datafield tag="791" ind1="0" ind2="0">
    <subfield code="a">Vidali, Bernardino de</subfield>
    <subfield code="3">IT\ICCU\CNCT\004172</subfield>
    <subfield code="z">Vitali, Bernardino</subfield>
  </datafield>
  <datafield tag="791" ind1="0" ind2="0">
    <subfield code="a">Vitalibus, Bernardinus de</subfield>
    <subfield code="3">IT\ICCU\CNCT\005902</subfield>
    <subfield code="z">Vitali, Bernardino</subfield>
  </datafield>
  <datafield tag="791" ind1="0" ind2="0">
    <subfield code="a">Vitalis, Bernardinus</subfield>
    <subfield code="3">IT\ICCU\CNCT\005903</subfield>
    <subfield code="z">Vitali, Bernardino</subfield>
  </datafield>
  <datafield tag="791" ind1="0" ind2="0">
    <subfield code="a">Vitalli, Bernardino di</subfield>
    <subfield code="3">IT\ICCU\CNCT\005904</subfield>
    <subfield code="z">Vitali, Bernardino</subfield>
  </datafield>
  <datafield tag="801" ind1=" " ind2="3">
    <subfield code="a">IT</subfield>
    <subfield code="b">ICCU</subfield>
    <subfield code="c">20201113</subfield>
  </datafield>
  <datafield tag="899" ind1=" " ind2=" ">
    <subfield code="a">Biblioteca Apostolica Vaticana. Citt ̉del Vaticano</subfield>
    <subfield code="1">EX0001</subfield>
    <subfield code="2">ZCV 01</subfield>
  </datafield>
  <datafield tag="899" ind1=" " ind2=" ">
    <subfield code="a">Archivio storico civico e Biblioteca Trivulziana. Milano</subfield>
    <subfield code="1">MI0327</subfield>
    <subfield code="2">LO1 13</subfield>
  </datafield>
  <datafield tag="899" ind1=" " ind2=" ">
    <subfield code="a">Biblioteca comunale. Treviso</subfield>
    <subfield code="1">TV0114</subfield>
    <subfield code="2">VIA CT</subfield>
  </datafield>
  <datafield tag="899" ind1=" " ind2=" ">
    <subfield code="a">Biblioteca nazionale Marciana. Venezia</subfield>
    <subfield code="1">VE0049</subfield>
    <subfield code="2">VEA BM</subfield>
  </datafield>
</record>
</collection>
